@inproceedings{BCH,
  title={A model of type theory in cubical sets},
  author={Bezem, Marc and Coquand, Thierry and Huber, Simon},
  booktitle={19th International Conference on Types for Proofs and Programs (TYPES 2013)},
  volume={26},
  pages={107--128},
  year={2014}
}

@article{LW,
  title={The local universes model: an overlooked coherence construction for dependent type theories},
  author={Lumsdaine, Peter LeFanu and Warren, Michael A},
  journal={ACM Transactions on Computational Logic (TOCL)},
  volume={16},
  number={3},
  pages={23},
  year={2015},
  publisher={ACM}
}

@article{W:2007,
  title={Yoneda structures from 2-toposes},
  author={Mark Weber},
  journal={Applied Categorical Structures},
  volume={15},
  number={3},
  pages={259--323},
  year={2007}
}

@article{natural,
  title={Natural models of homotopy type theory},
  author={Awodey, Steve},
  journal={Mathematical Structures in Computer Science},
  pages={1--46},
  year={2016},
  publisher={Cambridge University Press}
}

@misc{awodey-qmsCC-git, 
author = {S. Awodey}, 
title = {A {Q}uillen model structure on the category of cartesian cubical sets}, 
year = {21 October 2021}, 
note={Preprint available from \url{https://github.com/awodey/math/blob/master/QMS/qms.pdf}}
}

@misc{AGH, 
author = {Awodey, S. and Gambino, N. and Hazratpour, S.}, 
title = {{K}ripke-{J}oyal forcing for type theory and uniform fibrations}, 
year = {October 2021}, 
note={Preprint available as \url{https://arxiv.org/abs/2110.14576}}
}

@article{GS,
  title={The Frobenius condition, right properness, and uniform fibrations},
  author={Gambino, Nicola and Sattler, Christian},
  journal={Journal of Pure and Applied Algebra},
  volume={221},
  number={12},
  pages={3027--3068},
  year={2017},
  publisher={Elsevier}
}

@article{OP,
  title={Axioms for modelling cubical type theory in a topos},
  author={Orton, Ian and Pitts, Andrew M},
  journal={arXiv preprint arXiv:1712.04864},
  year={2017}
}

@article{Sattler,
  title={The Equivalence Extension Property and Model Structures},
  author={Sattler, Christian},
  journal={arXiv preprint arXiv:1704.06911},
  year={2017}
}

@article{Garner,
  title={Lifting accessible model structures},
  author={Garner, Richard and Kedziorek, Magdalena and Riehl, Emily},
  journal={arXiv preprint arXiv:1802.09889},
  year={2018}
}

@article{Hess,
  title={A necessary and sufficient condition for induced model structures},
  author={Hess, Kathryn and Kedziorek, Magdalena and Riehl, Emily and Shipley, Brooke},
  journal={Journal of Topology},
  volume={10},
  number={2},
  pages={324--369},
  year={2017},
  publisher={Wiley Online Library}
}

@book{Riehl,
title={Categorical homotopy theory},
  author={Riehl, Emily},
  year={2014},
  publisher={Cambridge University Press}
}

@inCollection{Str:2004,
  title={Universes in Toposes},
  author={Thomas Streicher},
  booktitle={From sets and types t topology and analysis},
  editor={ Laura Crosilla and Peter Schuster},
  publisher={Oxford University Press},
  year={2007}
}

@article{HS:1997,
  title={Lifting {G}rothendieck universes},
  author={Martin Hofmann and Thomas Streicher},
  note={Unpublished},
  year={Spring 1997}
}

@article{G:1983,
  title={Pursuing stacks},
  author={Alexander Grothendieck},
  note={Unpublished},
  year={1983}
}


@article{CCHM,
  title={Cubical type theory: 
            a constructive interpretation of the univalence axiom},
  author={Cohen, Cyril and Coquand, Thierry and Huber, Simon and M{\"o}rtberg, Anders},
  journal={arXiv preprint arXiv:1611.02108},
  year={2016}
}

